<record><leader>00000cas a22000007a 4500</leader><controlfield tag="001">31361428</controlfield><controlfield tag="008">941026d193719uucaumr ne      0    0eng d</controlfield><datafield ind1=" " ind2=" " tag="010"><subfield code="a">sn 94052663 </subfield></datafield><datafield ind1=" " ind2=" " tag="040"><subfield code="a">CUY</subfield><subfield code="b">eng</subfield><subfield code="c">CNK</subfield><subfield code="d">OCLCQ</subfield></datafield><datafield ind1=" " ind2=" " tag="042"><subfield code="a">msc</subfield></datafield><datafield ind1="0" ind2=" " tag="130"><subfield code="a">California Progressive (Bakersfield, Calif.)</subfield></datafield><datafield ind1="1" ind2="0" tag="245"><subfield code="a">California Progressive.</subfield></datafield><datafield ind1=" " ind2=" " tag="260"><subfield code="a">Bakersfield, Calif. :</subfield><subfield code="b">Progressive-Commonwealth Federation, Inc.</subfield></datafield><datafield ind1=" " ind2=" " tag="300"><subfield code="a">v.</subfield></datafield><datafield ind1=" " ind2=" " tag="310"><subfield code="a">Monthly</subfield></datafield><datafield ind1="0" ind2=" " tag="362"><subfield code="a">Vol. 1, no. 1 (Oct. 1937)-</subfield></datafield><datafield ind1=" " ind2=" " tag="500"><subfield code="a">Published in Los Angeles, Calif., Dec. 1937-</subfield></datafield><datafield ind1="2" ind2=" " tag="710"><subfield code="a">Progressive-Commonwealth Federation.</subfield></datafield><datafield ind1=" " ind2=" " tag="752"><subfield code="a">United States</subfield><subfield code="b">California</subfield><subfield code="c">Los Angeles</subfield><subfield code="d">Los Angeles.</subfield></datafield><datafield ind1=" " ind2=" " tag="752"><subfield code="a">United States</subfield><subfield code="b">California</subfield><subfield code="c">Kern</subfield><subfield code="d">Bakersfield.</subfield></datafield><datafield ind1="1" ind2=" " tag="029"><subfield code="a">AU@</subfield><subfield code="b">000025867419</subfield></datafield></record>